<?xml version="1.0" encoding="UTF-8"?><record xmlns="http://www.loc.gov/MARC21/slim" xmlns:cinclude="http://apache.org/cocoon/include/1.0" xmlns:zs="http://www.loc.gov/zing/srw/">
  <leader>00665nz  a2200157n  4500</leader>
  <controlfield tag="001">no2003062564</controlfield>
  <controlfield tag="003">DLC</controlfield>
  <controlfield tag="005">20030625052809.0</controlfield>
  <controlfield tag="008">030624n| acannaabn          |a ana     c</controlfield>
  <datafield tag="010" ind1=" " ind2=" ">
    <subfield code="a">no2003062564</subfield>
  </datafield>
  <datafield tag="035" ind1=" " ind2=" ">
    <subfield code="a">(OCoLC)oca06083723</subfield>
  </datafield>
  <datafield tag="040" ind1=" " ind2=" ">
    <subfield code="a">NcU</subfield>
    <subfield code="b">eng</subfield>
    <subfield code="c">NcU</subfield>
  </datafield>
  <datafield tag="130" ind1=" " ind2="0">
    <subfield code="a">Voyage of the damned (Motion picture)</subfield>
  </datafield>
  <datafield tag="430" ind1=" " ind2="0">
    <subfield code="a">Viaje de los malditos (Motion picture)</subfield>
  </datafield>
  <datafield tag="670" ind1=" " ind2=" ">
    <subfield code="a">Shagan, Steve. "The voyage": screenplay, 1975.</subfield>
  </datafield>
  <datafield tag="670" ind1=" " ind2=" ">
    <subfield code="a">IMDb, May 9, 2003</subfield>
    <subfield code="b">(Voyage of the damned; 1976, directed by Stuart Rosenberg; writing credits: David Butler, Steve Shagan, Gordon Thomas (book) and Max Morgan Witts (co-author); also known as: Viaje de los malditos, El (1976)(Spain))</subfield>
  </datafield>
</record>